@inproceedings{Gepperth2013,
author = {Gepperth, Alexander and {Garcia Ortiz}, Michael and Heisele, Bernd},
booktitle = {16th International IEEE Conference on Intelligent Transportation Systems (ITSC 2013)},
doi = {10.1109/ITSC.2013.6728256},
file = {:home/rgcofield/Downloads/gepperth2013real.pdf:pdf},
isbn = {978-1-4799-2914-6},
month = {oct},
pages = {348--353},
publisher = {IEEE},
title = {{Real-time pedestrian detection and pose classification on a GPU}},
url = {http://ieeexplore.ieee.org/lpdocs/epic03/wrapper.htm?arnumber=6728256},
year = {2013}
}
@inproceedings{Gepperth2014,
author = {Gepperth, Alexander and Sattarov, Egor and Heisele, Bernd and Flores, Sergio Alberto Rodriguez},
booktitle = {17th International IEEE Conference on Intelligent Transportation Systems (ITSC)},
doi = {10.1109/ITSC.2014.6957989},
file = {:home/rgcofield/Downloads/gepperth2014robust.pdf:pdf},
isbn = {978-1-4799-6078-1},
keywords = {Driver Assistance Systems,Sensing,Vision,and Perception},
month = {oct},
pages = {1935--1940},
publisher = {IEEE},
title = {{Robust visual pedestrian detection by tight coupling to tracking}},
url = {http://ieeexplore.ieee.org/lpdocs/epic03/wrapper.htm?arnumber=6957989},
year = {2014}
}
